% -------------------------------------- %
% Inclusão de bibliografia do tipo Livro %
% -------------------------------------- %

@incollection{relatorio3:2020,
	author = {Porto, Fabio and others},
	title = {Desenvolvimento de Software de Plataforma para Intelig\^encia Computaconal : Relat\'orio T\'ecnico IV (24 de Fevereiro de 2019 \`a 23 de agosto de 2019)},
	year = {2020}
}

@inbook{Brooks2008, 
	place={Cambridge}, 
	edition={2}, 
	title={Univariate time series modelling and forecasting}, 
	DOI={10.1017/CBO9780511841644.006}, 
	booktitle={Introductory Econometrics for Finance}, 
	publisher={Cambridge University Press}, 
	author={Brooks, Chris}, 
	year={2008}, 
	pages={206–264}
}

@Inbook{Chatfield2001,
    author = {Chatfield, Chris},
    editor = {Armstrong, J. Scott},
    title = {Prediction Intervals for Time-Series Forecasting},
    bookTitle = {Principles of Forecasting: A Handbook for Researchers and Practitioners},
    year = {2001},
    publisher = {Springer US},
    address = {Boston, MA},
    pages = {475--494},
    isbn = {978-0-306-47630-3},
    doi = {10.1007/978-0-306-47630-3_21}
}

@book{Charniak2019,
    author = {Charniak, Eugene},
    title = {Introduction to Deep Learning},
    year = {2019},
    isbn = {0262039516},
    publisher = {The MIT Press}
}

@inbook{Chu2002,
author = {Selina Chu and Eamonn Keogh and David Hart and Michael Pazzani},
title = {Iterative Deepening Dynamic Time Warping for Time Series},
booktitle = {Proceedings of the 2002 SIAM International Conference on Data Mining},
chapter = {},
pages = {195-212},
doi = {10.1137/1.9781611972726.12},
}

@book{Gamma1994,
  author = {Gamma, Erich and Helm, Richard and Johnson, Ralph and Vlissides, John M.},
  edition = 1,
  isbn = {0201633612},
  publisher = {Addison-Wesley Professional},
  title = {Design Patterns: Elements of Reusable Object-Oriented Software},
  year = 1994
}

@book{Hyndman2018,
    title = {Forecasting: Principles and Practice},
    author = {Hyndman, Robin John and George Athanasopoulos},
    year = {2018},
    language = {English},
    publisher = {OTexts},
    address = {Australia},
    edition = {2nd}
}

@inbook{Kaufman2009,
	author={Kaufman, L. and Rousseeuw, P.J.},
	publisher = {John Wiley and Sons, Ltd},
	isbn = {9780470316801},
	title = {Partitioning Around Medoids (Program PAM)},
	booktitle = {Finding Groups in Data: Introduction to Cluster Analysis},
	chapter = {2},
	pages = {68-125},
	year = {1990},
}

@inbook{Lecun1989,
    title = {Generalization and network design strategies},
    author = {Yann Lecun},
    year = {1989},
    language = {English (US)},
    editor = {R. Pfeifer and Z. Schreter and F. Fogelman and L. Steels},
    booktitle = {Connectionism in perspective},
    publisher = {Elsevier},
}


@inbook{Lecun1998,
    title = {Efficient backdrop},
    author = {Yann Lecun and Leon Bottou and Orr, Genevieve B. and K. Muller},
    year = {1998},
    language = {English (US)},
    editor = {G. Orr and K. Muller},
    booktitle = {Neural networks},
    publisher = {Springer}
}

@Inbook{Michelucci2018,
    author = {Michelucci, Umberto},
    title = {Training Neural Networks},
    bookTitle = {Applied Deep Learning: A Case-Based Approach to Understanding Deep Neural Networks},
    year = {2018},
    publisher = {Apress},
    address = {Berkeley, CA},
    pages = {137--184},
    isbn = {978-1-4842-3790-8},
    doi = {10.1007/978-1-4842-3790-8_4}
}

@Inbook{Moral2003,
    author= {Moral, Paz and Gonz\'alez, Pilar},
    title= {Univariate Time Series Modelling},
    bookTitle = {Computer-Aided Introduction to Econometrics},
    year = {2003},
    publisher = {Springer Berlin Heidelberg},
    address = {Berlin, Heidelberg},
    pages = {163--224}
}

@inbook{Roddick2001,
    author = {John F. Roddick and Brian G. Lees},
    title = {Paradigms for Spatial and Spatio-Temporal Data Mining},
    year = {2001},
    booktitle = {Geographic Data Mining and Knowledge Discovery},
    publisher = {Taylor and Francis}
}

@inbook{Rumelhart1986a,
    author = {Rumelhart, David E. and Hinton, Geoffrey E. and Williams, Ronald J.},
    title = {Learning Representations by Back-Propagating Errors},
    year = {1988},
    isbn = {0262010976},
    publisher = {MIT Press},
    address = {Cambridge, MA, USA},
    booktitle = {Neurocomputing: Foundations of Research},
    pages = {696–699},
    numpages = {4}
}

@book{Abu-Mostafa2012,
	author = {Abu-Mostafa, Yaser S. and Magdon-Ismail, Malik and Lin, Hsuan-Tien},
	title = {Learning From Data},
	year = {2012},
	isbn = {1600490069, 9781600490064},
	publisher = {AMLBook},
}

@book{Aggarwal2013,
	author = {Aggarwal, Charu C. and Reddy, Chandan K.},
	title = {Data Clustering: Algorithms and Applications},
	year = {2013},
	isbn = {1466558210},
	publisher = {Chapman and Hall/CRC},
	edition = {1st},
}

@book{Basseville1993,
	author = {Basseville, Mich{\`{e}}le and Nikiforov, Igor V.},
	title = {Detection of Abrupt Changes: Theory and Application},
	year = {1993},
	isbn = {0-13-126780-9},
	publisher = {Prentice-Hall, Inc.},
	address = {Upper Saddle River, NJ, USA},
} 

@book{Box1976,
	author = {Box, George.E.P. and Jenkins, Gwilym M.},
	publisher = {Holden-Day},
	title = {Time Series Analysis: Forecasting and Control},
	year = 1976
}

@book{Chatfield2019,
	address = {Florida, US},
	author = {Chatfield, Chris and Xing, Haipeng},
	edition = {7th},
	publisher = {CRC Press},
	title = {The analysis of time series: an introduction with R},
	year = {2019},
}

@book{Cressie2015, 
	title={Statistics for spatio-temporal data}, 
	author={Cressie, Noel and Wikle, Christopher K}, 
	year={2015}, 
	publisher={John Wiley \& Sons} 
}

@book{Goodfellow2016,
    author = {Goodfellow, Ian and Bengio, Yoshua and Courville, Aaron},
    title = {Deep Learning},
    year = {2016},
    isbn = {0262035618},
    publisher = {The MIT Press}
}

@book{Gulli2017,
    author = {Gulli, Antonio and Pal, Sujit},
    title = {Deep Learning with Keras},
    year = {2017},
    isbn = {1787128423},
    publisher = {Packt Publishing},
}
@book{Guyon2006,
	author = {Guyon, Isabelle and Gunn, Steve and Nikravesh, Masoud and Zadeh, Lotfi A.},
	title = {Feature Extraction: Foundations and Applications (Studies in Fuzziness and Soft Computing)},
	year = {2006},
	isbn = {3540354875},
	publisher = {Springer-Verlag},
	address = {Berlin, Heidelberg},
} 

@book{Han2011,
	author = {Han, Jiawei and Kamber, Micheline and Pei, Jian},
	title = {Data Mining: Concepts and Techniques},
	year = {2011},
	isbn = {0123814790},
	publisher = {Morgan Kaufmann Publishers Inc.},
	address = {San Francisco, CA, USA},
	edition = {3rd},
}

@book{HastieTF2009,
	author    = {Trevor Hastie and Robert Tibshirani and Jerome H. Friedman},
	title     = {The elements of statistical learning: data mining, inference, and prediction, 2nd Edition},
	series    = {Springer series in statistics},
	publisher = {Springer},
	year      = {2009},
	isbn      = {9780387848570},
}

@book{Knox2018,
	author = {Knox, Steven W.},
	address = {Hoboken, New Jersey},
	booktitle = {Machine learning : a concise introduction},
	isbn = {1-119-43907-8},
	keywords = {Machine learning},
	language = {eng},
	publisher = {Wiley},
	series = {Wiley Series in Probability and Statistics},
	title = {Machine learning : a concise introduction },
	year = {2018}
}

@book{Makridakis2008,
	title={Forecasting Methods and Applications},
	author={Makridakis, S. and Wheelwright, S.C. and Hyndman, R.J.},
	isbn={9788126518524},
	edition= {3rd},
	year={2008},
	publisher={Wiley India Pvt. Limited}
}

@book{Mills2019,
	author = {Mills, Terence C.},
	address = {London, England},
	booktitle = {Applied time series analysis : a practical guide to modeling and forecasting},
	isbn = {0-12-813118-7},
	keywords = {Time-series analysis},
	language = {eng},
	publisher = {Elsevier},
	title = {Applied time series analysis : a practical guide to modeling and forecasting },
	year = {2019},
}

@book{Mitchell1997,
	author = {Mitchell, Thomas M.},
	title = {Machine Learning},
	year = {1997},
	edition = {1},
	publisher = {McGraw-Hill, Inc.},
	address = {New York, NY, USA},
} 

@book{Mitsa2010,
	author = {Mitsa, Theophano},
	title = {Temporal Data Mining},
	year = {2010},
	isbn = {1420089765},
	publisher = {Chapman and Hall/CRC},
	edition = {1st},
}

@book{Mohri2012,
	author    = {Mehryar Mohri and Afshin Rostamizadeh and Ameet Talwalkar},
	title     = {Foundations of Machine Learning},
	series    = {Adaptive computation and machine learning},
	publisher = {{MIT} Press},
	year      = {2012},
	isbn      = {978-0-262-01825-8},
}

@book{Montgomery2015,
    author = {Montgomery, Douglas and Jennings, Cheryl and Kulahci, Murat},
    year = {2015},
    month = {01},
    pages = {472},
    title = {Introduction to Time Series Analysis and Forecasting},
    publisher = {Wiley},
	series = {Wiley Series in Probability and Statistics},
    isbn = {9780471653974}
}

@book{Pal2017,
	title={Practical Time Series Analysis},
	author={Pal, A. and Prakash, PKS},
	isbn={9781788290227},
	year={2017},
	publisher={Packt Publishing}
}

@book{Patterson2017,
    author = {Patterson, Josh and Gibson, Adam},
    title = {Deep Learning: A Practitioner's Approach},
    year = {2017},
    isbn = {1491914254},
    publisher = {O'Reilly Media, Inc.},
    edition = {1st}
}
@book{Quinhonero-Candela2009,
	author = {Qui{\~{n}}onero-Candela, Joaquin and Sugiyama, Masashi and Schwaighofer, Anton and Lawrence, Neil D.},
	title = {Dataset Shift in Machine Learning},
	year = {2009},
	isbn = {0262170051, 9780262170055},
	publisher = {The MIT Press},
} 

@book{Wikle2019,
	title={Spatio-temporal Statistics with R},
	author={Wikle, C.K. and Zammit-Mangion, A. and Cressie, N.A.C.},
	isbn={9781138711136},
	lccn={2018048440},
	series={Chapman \& Hall/CRC the R series},
	year={2019},
	publisher={CRC Press, Taylor \& Francis Group}
}

% --------------------------------------- %
% Inclusão de bibliografia do tipo Artigo %
% --------------------------------------- %

@article{Aghabozorgi2015,
	author = {Aghabozorgi, Saeed and Seyed Shirkhorshidi, Ali and Ying Wah, Teh},
	title = {Time-Series Clustering - A Decade Review},
	year = {2015},
	issue_date = {October 2015},
	publisher = {Elsevier Science Ltd.},
	address = {GBR},
	volume = {53},
	number = {C},
	issn = {0306-4379},
	doi = {10.1016/j.is.2015.04.007},
	journal = {Inf. Syst.},
	month = oct,
	pages = {16–38},
	numpages = {23},
	keywords = {Representations, Distance measure, Evaluation measure, Clustering, Time-series}
}

@article{Akima1970,
    author = {Akima, Hiroshi},
    title = {A New Method of Interpolation and Smooth Curve Fitting Based on Local Procedures},
    year = {1970},
    issue_date = {Oct. 1970},
    publisher = {Association for Computing Machinery},
    address = {New York, NY, USA},
    volume = {17},
    number = {4},
    issn = {0004-5411},
    doi = {10.1145/321607.321609},
    journal = {J. ACM},
    month = oct,
    pages = {589–602},
    numpages = {14}
}

@article{Altman1992,
    author = { N. S.   Altman },
    title = {An Introduction to Kernel and Nearest-Neighbor Nonparametric Regression},
    journal = {The American Statistician},
    volume = {46},
    number = {3},
    pages = {175-185},
    year  = {1992},
    publisher = {Taylor and Francis},
    doi = {10.1080/00031305.1992.10475879}
}

@article{Angluin1988a,
	author={Angluin, Dana},
	title={Queries and Concept Learning},
	journal={Machine Learning},
	year={1988},
	volume={2},
	number={4},
	pages={319--342},
	issn={1573-0565},
	doi={10.1023/A:1022821128753},
}

@Article{Angluin1988b,
	author={Angluin, Dana
	and Laird, Philip},
	title={Learning From Noisy Examples},
	journal={Machine Learning},
	year={1988},
	month={Apr},
	day={01},
	volume={2},
	number={4},
	pages={343--370},
	issn={1573-0565},
	doi={10.1023/A:1022873112823},
}

@article{Atluri2018,
	author = {Atluri, Gowtham and Karpatne, Anuj and Kumar, Vipin},
	title = {Spatio-Temporal Data Mining: A Survey of Problems and Methods},
	year = {2018},
	issue_date = {September 2018},
	publisher = {Association for Computing Machinery},
	address = {New York, NY, USA},
	volume = {51},
	number = {4},
	issn = {0360-0300},
	doi = {10.1145/3161602},
	journal = {ACM Comput. Surv.},
	month = aug,
	articleno = {83},
	numpages = {41},
}

@article{Bagnall2017a,
    author = {A. Bagnall and J. Lines and A. Bostrom and J. Large and E. Keogh},
    title = {The great time series classification bake off: a review and experimental evaluation of recent algorithmic advances},
    journal = {Data Mining and Knowledge Discovery},
    volume = {31},
    number = {3},
    pages = {606--660},
    year = {2017},
}
@Article{Bozdogan1987,
	author={Bozdogan, Hamparsum},
	title={Model selection and Akaike's Information Criterion (AIC): The general theory and its analytical extensions},
	journal={Psychometrika},
	year={1987},
	month={Sep},
	day={01},
	volume={52},
	number={3},
	pages={345--370},
	issn={1860-0980},
	doi={10.1007/BF02294361},
}

@ARTICLE{Brzezinski2014,
	author={Dariusz {Brzezinski} and Jerzy {Stefanowski}},
	journal={IEEE Transactions on Neural Networks and Learning Systems},
	title={Reacting to Different Types of Concept Drift: The Accuracy Updated Ensemble Algorithm},
	year={2014},
	volume={25},
	number={1},
	pages={81-94},
	doi={10.1109/TNNLS.2013.2251352},
	ISSN={2162-237X},
	month={Jan},
}

@article{Ceci2017,
	author={M. Ceci and R. Corizzo and F. Fumarola and D. Malerba and A. Rashkovska},
	journal={IEEE Transactions on Industrial Informatics},
	title={Predictive Modeling of PV Energy Production: How to Set Up the Learning Task for a Better Prediction?},
	year={2017},
	volume={13},
	number={3},
	pages={956-966},
	doi={10.1109/TII.2016.2604758},
	ISSN={1551-3203},
	month={June}
}

@article{Chowdhury2019,
	author = {Chowdhury, Kuntal and Chaudhuri, Debasis and Pal, Arup Kumar and Samal, Ashok},
	title = {Seed Selection Algorithm through K-Means on Optimal Number of Clusters},
	year = {2019},
	issue_date = {July 2019},
	publisher = {Kluwer Academic Publishers},
	address = {USA},
	volume = {78},
	number = {13},
	issn = {1380-7501},
	doi = {10.1007/s11042-018-7100-4},
	journal = {Multimedia Tools Appl.},
	month = {jul},
	pages = {18617–18651},
	numpages = {35},
	keywords = {Joint probability, K-means, Seed point, Seed generation time, Cluster validity indices, Segmentation entropy, Cluster building time, Clustering}
}

@article{Crankshaw2018,
	author = {Crankshaw, Daniel and Gonzalez, Joseph and Bailis, Peter},
	title = {Research for Practice: Prediction-serving Systems},
	journal = {Commun. ACM},
	issue_date = {August 2018},
	volume = {61},
	number = {8},
	month = jul,
	year = {2018},
	issn = {0001-0782},
	pages = {45--49},
	numpages = {5},
	doi = {10.1145/3190574},
	acmid = {3190574},
	publisher = {ACM},
	address = {New York, NY, USA},
}

@article{Cui2016,
	author = {Cui, Yuwei and Ahmad, Subutai and Hawkins, Jeff},
	title = {Continuous Online Sequence Learning with an Unsupervised Neural Network Model},
	journal = {Neural Computation},
	volume = {28},
	number = {11},
	pages = {2474-2504},
	year = {2016},
	doi = {10.1162/NECO\_a\_00893},
	note ={PMID: 27626963},	
}

@article{DeMello2018,
	title = {On learning guarantees to unsupervised concept drift detection on data streams},
	author = {Rodrigo F. de Mello and Yule Vaz and Carlos H. Grossi and Albert Bifet},
	journal = {Expert Systems with Applications},
	volume = {117},
	pages = {90 -- 102},
	year = {2018},
	issn = {0957-4174},
	doi = {https://doi.org/10.1016/j.eswa.2018.08.054},
}

@ARTICLE{Ditzler2015,
	author={Gregory {Ditzler} and Manuel {Roveri} and Cesare {Alippi} and Robi {Polikar}},
	journal={IEEE Computational Intelligence Magazine},
	title={Learning in Nonstationary Environments: A Survey},
	year={2015},
	volume={10},
	number={4},
	pages={12-25},
	doi={10.1109/MCI.2015.2471196},
	ISSN={1556-603X},
	month={Nov},
}

@article{Dries2009,
	author = {Dries, Anton and R{\"{u}}ckert, Ulrich},
	title = {Adaptive Concept Drift Detection},
	journal = {Stat. Anal. Data Min.},
	issue_date = {December 2009},
	volume = {2},
	number = {5},
	month = {dec},
	year = {2009},
	issn = {1932-1864},
	pages = {311--327},
	numpages = {17},
	publisher = {John Wiley Sons, Inc.},
	address = {New York, NY, USA},
} 

@article{Du2019,
	author    = {Honghui Du and Leandro L. Minku and Huiyu Zhou},
	title     = {Multi-Source Transfer Learning for Non-Stationary 	Environments},
	journal   = {CoRR},
	volume    = {abs/1901.02052},
	year      = {2019},
}

@article{Elwell2011,
	author={R. {Elwell} and R. {Polikar}},
	journal={IEEE Transactions on Neural Networks},
	title={Incremental Learning of Concept Drift in Nonstationary Environments},
	year={2011},
	volume={22},
	number={10},
	pages={1517-1531},
	doi={10.1109/TNN.2011.2160459},
	ISSN={1045-9227},
}

@article{Fawaz2019,
	author = {Ismail Fawaz, Hassan and Forestier, Germain and Weber, Jonathan and Idoumghar, Lhassane and Muller, Pierre-Alain},
	title = {Deep Learning for Time Series Classification: A Review},
	year = {2019},
	issue_date = {July      2019},
	publisher = {Kluwer Academic Publishers},
	address = {USA},
	volume = {33},
	number = {4},
	issn = {1384-5810},
	doi = {10.1007/s10618-019-00619-1},
	journal = {Data Min. Knowl. Discov.},
	month = {jul},
	pages = {917–963},
	numpages = {47},
	keywords = {Time series, Review, Deep learning, Classification}
}

@article{Fu2011,
	title = {A review on time series data mining},
	journal = {Engineering Applications of Artificial Intelligence},
	volume = {24},
	number = {1},
	pages = {164 - 181},
	year = {2011},
	issn = {0952-1976},
	doi = {https://doi.org/10.1016/j.engappai.2010.09.007},
	author = {Tak-{C}hung Fu},
}

@article{Gama2014,
	author = {Gama, Jo\~{a}o and \v{Z}liobait\.{e}, Indr\.{e} and Bifet, Albert and Pechenizkiy, Mykola and Bouchachia, Abdelhamid},
	title = {A Survey on Concept Drift Adaptation},
	journal = {ACM Comput. Surv.},
	issue_date = {April 2014},
	volume = {46},
	number = {4},
	month = {mar},
	year = {2014},
	issn = {0360-0300},
	pages = {44:1--44:37},
	articleno = {44},
	numpages = {37},
	doi = {10.1145/2523813},
	acmid = {2523813},
	publisher = {ACM},
	address = {New York, NY, USA},
}

@article{Ghanta022019,
	author    = {Sindhu Ghanta and Sriram Subramanian and Lior Khermosh and Swaminathan Sundararaman and Harshil Shah and Yakov Goldberg and Drew S. Roselli and Nisha Talagala},
	title     = {{ML} Health: Fitness Tracking for Production Models},
	journal   = {CoRR},
	volume    = {abs/1902.02808},
	year      = {2019},
	archivePrefix = {arXiv},
	eprint    = {1902.02808},
}

@article{Gholamalinezhad2020,
       author = {Gholamalinezhad, Hossein and Khosravi, Hossein},
        title = {Pooling Methods in Deep Neural Networks, a Review},
      journal = {arXiv e-prints},
     keywords = {Computer Science - Computer Vision and Pattern Recognition, Computer Science - Machine Learning},
         year = 2020,
        month = sep,
      adsnote = {Provided by the SAO/NASA Astrophysics Data System}
}

@article{Gomez2009,
    title = {Spatial aggregation: Data model and implementation},
    journal = {Information Systems},
    volume = {34},
    number = {6},
    pages = {551-576},
    year = {2009},
    issn = {0306-4379},
    doi = {https://doi.org/10.1016/j.is.2009.03.002},
    author = {Leticia G\'omez and Sophie Haesevoets and Bart Kuijpers and Alejandro A. Vaisman},
    keywords = {Data warehousing, OLAP, GIS, Aggregation}
}

@Article{Harries1998,
	author={Harries, Michael Bonnell and Sammut, Claude and Horn, Kim},
	title={Extracting Hidden Context},
	journal={Machine Learning},
	year={1998},
	month={Aug},
	day={01},
	volume={32},
	number={2},
	pages={101--126},
	issn={1573-0565},
	doi={10.1023/A:1007420529897},
}

@Article{Harris2020,
    title = {Array programming with {NumPy}},
    author = {Charles R. Harris and K. Jarrod Millman and St{'{e}}fan J. van der Walt and Ralf Gommers and Pauli Virtanen and David Cournapeau and Eric Wieser and Julian Taylor and Sebastian Berg and Nathaniel J. Smith and Robert Kern and Matti Picus and Stephan Hoyer and Marten H. van Kerkwijk and Matthew Brett and Allan Haldane and Jaime Fern{'{a}}ndez del R{'{\i}}o and Mark Wiebe and Pearu Peterson and Pierre G{'{e}}rard-Marchant and Kevin Sheppard and Tyler Reddy and Warren Weckesser and Hameer Abbasi and Christoph Gohlke and Travis E. Oliphant},
    year          = {2020},
    month         = sep,
    journal       = {Nature},
    volume        = {585},
    number        = {7825},
    pages         = {357--362},
    doi           = {10.1038/s41586-020-2649-2},
    publisher     = {Springer Science and Business Media {LLC}}
}

@article{HochSchm1997,
  author      = {Sepp Hochreiter and Jürgen Schmidhuber},
  journal     = {Neural Computation},
  title       = {Long Short-Term Memory},
  year        = {1997},
  number      = {8},
  pages       = {1735--1780},
  volume      = {9}
}

@article{Hoens2012,
	author={Hoens, T. Ryan and Polikar, Robi and Chawla, Nitesh V.},
	title={Learning from streaming data with concept drift and imbalance: an overview},
	journal={Progress in Artificial Intelligence},
	year={2012},
	month={Apr},
	day={01},
	volume={1},
	number={1},
	pages={89--101},
	issn={2192-6360},
	doi={10.1007/s13748-011-0008-0},
}

@article{Hyndman2006,
	title = {Another look at measures of forecast accuracy},
	author = {Rob J. Hyndman and Anne B. Koehler},
	journal = {International Journal of Forecasting},
	volume = {22},
	number = {4},
	pages = {679 - 688},
	year = {2006},
	issn = {0169-2070},
	doi = {https://doi.org/10.1016/j.ijforecast.2006.03.001},
}

@article{Hyndman2008,
	author = {Rob J. Hyndman and Yeasmin Khandakar},
	title = {Automatic Time Series Forecasting: The forecast Package for R},
	journal = {Journal of Statistical Software, Articles},
	volume = {27},
	number = {3},
	year = {2008},
	issn = {1548-7660},
	pages = {1--22},
	doi = {10.18637/jss.v027.i03}
}

@article{Izakian2015,
    author = {Hesam Izakian and Witold Pedrycz and Iqbal Jamal},
    title = {Fuzzy clustering of time series data using dynamic time warping distance},
    journal = {Engineering Applications of Artificial Intelligence},
    volume = {39},
    pages = {235-244},
    year = {2015},
    issn = {0952-1976},
    doi = {https://doi.org/10.1016/j.engappai.2014.12.015}
}

@article{Janan2017,
	author = {Janardan and Shikha Mehta},
	title = {Concept drift in Streaming Data Classification: Algorithms, Platforms and Issues},
	journal = {Procedia Computer Science},
	volume = {122},
	pages = {804 - 811},
	year = {2017},
	note = {5th International Conference on Information Technology and Quantitative Management, ITQM 2017},
	issn = {1877-0509},
	doi = {https://doi.org/10.1016/j.procs.2017.11.440},
}

@article{Jankowski2016,
	author = {Jankowski, Dariusz and Jackowski, Konrad and Cyganek, Bogusaw},
	title = {Learning Decision Trees from Data Streams with Concept Drift},
	journal = {Procedia Comput. Sci.},
	issue_date = {June 2016},
	volume = {80},
	number = {C},
	month = jun,
	year = {2016},
	issn = {1877-0509},
	pages = {1682--1691},
	numpages = {10},
	doi = {10.1016/j.procs.2016.05.508},
	acmid = {3109141},
	publisher = {Elsevier Science Publishers B. V.},
	address = {Amsterdam, The Netherlands, The Netherlands},
} 

@article{Kang2017,
	author = {Kang, Daniel and Emmons, John and Abuzaid, Firas and Bailis, Peter and Zaharia, Matei},
	title = {NoScope: Optimizing Neural Network Queries over Video at Scale},
	year = {2017},
	issue_date = {August 2017},
	publisher = {VLDB Endowment},
	volume = {10},
	number = {11},
	issn = {2150-8097},
	doi = {10.14778/3137628.3137664},
	journal = {Proc. VLDB Endow.},
	month = aug,
	pages = {1586–1597},
	numpages = {12}
}

@article{Kavitha2010,
       author = {Kavitha, V. and Punithavalli, M.},
        title = "{Clustering Time Series Data Stream - A Literature Survey}",
      journal = {arXiv e-prints},
     keywords = {Computer Science - Information Retrieval},
         year = 2010,
        month = may,
          eid = {arXiv:1005.4270},
        pages = {arXiv:1005.4270},
archivePrefix = {arXiv},
       eprint = {1005.4270},
 primaryClass = {cs.IR},
}

@article{Kearns1997,
	author={Kearns, Michael and Mansour, Yishay	and Ng, Andrew Y. and Ron, Dana},
	title={An Experimental and Theoretical Comparison of Model Selection Methods},
	journal={Machine Learning},
	year={1997},
	month={Apr},
	day={01},
	volume={27},
	number={1},
	pages={7--50},
	issn={1573-0565},
	doi={10.1023/A:1007344726582},
}

@article{KeoghKasetty2002,
	author = {Keogh, Eamonn and Kasetty, Shruti},
	title = {On the Need for Time Series Data Mining Benchmarks: A Survey and Empirical Demonstration},
	year = {2003},
	issue_date = {October 2003},
	publisher = {Kluwer Academic Publishers},
	address = {USA},
	volume = {7},
	number = {4},
	issn = {1384-5810},
	doi = {10.1023/A:1024988512476},
	journal = {Data Min. Knowl. Discov.},
	month = oct,
	pages = {349–371},
	numpages = {23},
	keywords = {data mining, time series, experimental evaluation}
}

@article{Kraft2019,
	author    = {Peter Kraft and Daniel Kang and Deepak Narayanan and Shoumik Palkar and <Peter Bailis and Matei Zaharia},
	title     = {Willump: {A} Statistically-Aware End-to-end Optimizer for Machine Learning Inference},
	journal   = {CoRR},
	volume    = {abs/1906.01974},
	year      = {2019},
	archivePrefix = {arXiv},
	eprint    = {1906.01974},
	bibsource = {dblp computer science bibliography, https://dblp.org}
}

@article{Kullback1951,
	ISSN = {00034851},
	author = {S. Kullback and R. A. Leibler},
	journal = {The Annals of Mathematical Statistics},
	number = {1},
	pages = {79--86},
	publisher = {Institute of Mathematical Statistics},
	title = {On Information and Sufficiency},
	volume = {22},
	year = {1951}
}

@article{Kumar2016,
	author = {Kumar, Arun and McCann, Robert and Naughton, Jeffrey and Patel, Jignesh M.},
	title = {Model {S}election {M}anagement {S}ystems: The Next Frontier of Advanced Analytics},
	journal = {SIGMOD Rec.},
	issue_date = {December 2015},
	volume = {44},
	number = {4},
	month = {may},
	year = {2016},
	issn = {0163-5808},
	pages = {17--22},
	numpages = {6},
	doi = {10.1145/2935694.2935698},
	acmid = {2935698},
	publisher = {ACM},
	address = {New York, NY, USA},
}

@article{Liao2005,
	title = {Clustering of time series data: {A} survey},
	journal = {Pattern Recognition},
	volume = {38},
	number = {11},
	pages = {1857 - 1874},
	year = {2005},
	issn = {0031-3203},
	doi = {https://doi.org/10.1016/j.patcog.2005.01.025},
	author = {T. Warren Liao},
}

@article{Lu2014,
	title = {Concept drift detection via competence models},
	author = {Ning Lu and Guangquan Zhang and Jie Lu},
	journal = {Artificial Intelligence},
	volume = {209},
	pages = {11--28},
	year = {2014},
	issn = {0004-3702},
	doi = {https://doi.org/10.1016/j.artint.2014.01.001},
}

@ARTICLE{Lu2018,
	author={Jie {Lu} and Anjin {Liu} and Fan {Dong} and Feng {Gu} and Jo{\~a}o {Gama} and Guangquan {Zhang}},
	journal={IEEE Transactions on Knowledge and Data Engineering},
	title={Learning under Concept Drift: A Review},
	year={2018},
	volume={},
	number={},
	pages={1-1},
	keywords={Machine learning;Market research;Data analysis;Big Data;Mobile handsets;Data models;Cameras;concept drift;change detection;adaptive learning;data streams},
	doi={10.1109/TKDE.2018.2876857},
	ISSN={1041-4347},
	month={},
}

@ARTICLE{Makridakis1993,
	title = {Accuracy measures: theoretical and practical concerns},
	author = {Makridakis, Spyros},
	year = {1993},
	journal = {International Journal of Forecasting},
	volume = {9},
	number = {4},
	pages = {527-529},
}

@ARTICLE{Minku2012,
	author={Leandro L. {Minku} and Xing. {Yao}},
	journal={IEEE Transactions on Knowledge and Data Engineering},
	title={{DDD}: A New Ensemble Approach for Dealing with Concept Drift},
	year={2012},
	volume={24},
	number={4},
	pages={619-633},
	doi={10.1109/TKDE.2011.58},
	ISSN={1041-4347},
	month={April},
}

@article{Moreno-Torres2012,
	author = {Moreno-Torres, Jose G. and Raeder, Troy and Alaiz-Rodr\'{\i}Guez, Roc\'{\i}O and Chawla, Nitesh V. and Herrera, Francisco},
	title = {A Unifying View on Dataset Shift in Classification},
	journal = {Pattern Recogn.},
	issue_date = {January, 2012},
	volume = {45},
	number = {1},
	month = jan,
	year = {2012},
	issn = {0031-3203},
	pages = {521--530},
	numpages = {10},
	doi = {10.1016/j.patcog.2011.06.019},
	acmid = {2031236},
	publisher = {Elsevier Science Inc.},
	address = {New York, NY, USA},
}

@article{Pan2010,
	author = {Pan, Sinno Jialin and Yang, Qiang},
	title = {A Survey on Transfer Learning},
	journal = {IEEE Trans. on Knowl. and Data Eng.},
	issue_date = {October 2010},
	volume = {22},
	number = {10},
	month = oct,
	year = {2010},
	issn = {1041-4347},
	pages = {1345--1359},
	numpages = {15},
	doi = {10.1109/TKDE.2009.191},
	acmid = {1850545},
	publisher = {IEEE Educational Activities Department},
	address = {Piscataway, NJ, USA},
}

@article{Park2009,
    author = {Hae-Sang Park and Chi-Hyuck Jun},
    title = {A simple and fast algorithm for K-medoids clustering},
    journal = {Expert Systems with Applications},
    volume = {36},
    number = {2, Part 2},
    pages = {3336-3341},
    year = {2009},
    issn = {0957-4174}
}

@article{Rao2008,
    author = {Rao, Suhasini Subba},
    title = {Statistical analysis of a spatio-temporal model with location-dependent parameters and a test for spatial stationarity},
    journal = {Journal of Time Series Analysis},
    volume = {29},
    number = {4},
    pages = {673-694},
    year = {2008}
}

@article{Shen2020,
    author = {Zhipeng Shen and Yuanming Zhang and Jiawei Lu and Jun Xu and Gang Xiao},
    title = {A novel time series forecasting model with deep learning},
    journal = {Neurocomputing},
    volume = {396},
    pages = {302-313},
    year = {2020},
    issn = {0925-2312},
    doi = {https://doi.org/10.1016/j.neucom.2018.12.084}
}

@article{scikit-learn2011,
    title={Scikit-learn: Machine Learning in {P}ython},
    author={Pedregosa, F. and Varoquaux, G. and Gramfort, A. and Michel, V. and Thirion, B. and Grisel, O. and Blondel, M. and Prettenhofer, P. and Weiss, R. and Dubourg, V. and Vanderplas, J. and Passos, A. and Cournapeau, D. and Brucher, M. and Perrot, M. and Duchesnay, E.},
    journal={Journal of Machine Learning Research},
    volume={12},
    pages={2825--2830},
     year={2011}
}

@article{Srivastava2014,
  author  = {Nitish Srivastava and Geoffrey Hinton and Alex Krizhevsky and Ilya Sutskever and Ruslan Salakhutdinov},
  title   = {Dropout: A Simple Way to Prevent Neural Networks from Overfitting},
  journal = {Journal of Machine Learning Research},
  year    = {2014},
  volume  = {15},
  number  = {56},
  pages   = {1929-1958}
}

@article{Polyzotis2018,
	author = {Polyzotis, Neoklis and Roy, Sudip and Whang, Steven Euijong and Zinkevich, Martin},
	title = {Data Lifecycle Challenges in Production Machine Learning: A Survey},
	journal = {SIGMOD Rec.},
	issue_date = {June 2018},
	volume = {47},
	number = {2},
	month = {dec},
	year = {2018},
	issn = {0163-5808},
	pages = {17--28},
	numpages = {12},
	doi = {10.1145/3299887.3299891},
	acmid = {3299891},
	publisher = {ACM},
	address = {New York, NY, USA},
} 

% arXiv
@article{Raschka2018,
	author    = {Sebastian Raschka},
	title     = {Model Evaluation, Model Selection, and Algorithm Selection in Machine Learning},
	journal   = {CoRR},
	volume    = {abs/1811.12808},
	year      = {2018},
}

@article{Ren2018,
	author = {Siqi Ren and Bo Liao and Wen Zhu and Keqin Li},
	title = {Knowledge-maximized ensemble algorithm for different types of concept drift},
	journal = {Information Sciences},
	volume = {430-431},
	pages = {261 - 281},
	year = {2018},
	issn = {0020-0255},
	doi = {https://doi.org/10.1016/j.ins.2017.11.046},
}

@article{Rousseeuw1987,
	title = {Silhouettes: A graphical aid to the interpretation and validation of cluster analysis},
	journal = {Journal of Computational and Applied Mathematics},
	volume = {20},
	pages = {53 - 65},
	year = {1987},
	issn = {0377-0427},
	doi = {https://doi.org/10.1016/0377-0427(87)90125-7},
	author = {Peter J. Rousseeuw},
}

@article {Saha2010,
	author = {Suranjana Saha and Shrinivas Moorthi and Hua-Lu Pan and Xingren Wu and Jiande Wang and Sudhir Nadiga and Patrick Tripp and Robert Kistler and John Woollen and David Behringer and Haixia Liu and Diane Stokes and Robert Grumbine and George Gayno and Jun Wang and Yu-Tai Hou and Hui-ya Chuang and Hann-Ming H. Juang and Joe Sela and Mark Iredell and Russ Treadon and Daryl Kleist and Paul Van Delst and Dennis Keyser and John Derber and Michael Ek and Jesse Meng and Helin Wei and Rongqian Yang and Stephen Lord and Huug van den Dool and Arun Kumar and Wanqiu Wang and Craig Long and Muthuvel Chelliah and Yan Xue and Boyin Huang and Jae-Kyung Schemm and Wesley Ebisuzaki and Roger Lin and Pingping Xie and Mingyue Chen and Shuntai Zhou and Wayne Higgins and Cheng-Zhi Zou and Quanhua Liu and Yong Chen and Yong Han and Lidia Cucurull and Richard W. Reynolds and Glenn Rutledge and Mitch Goldberg},
	title = {The {NCEP} Climate Forecast System Reanalysis},
	journal = {Bulletin of the American Meteorological Society},
	year = {01 Aug. 2010},
	publisher = {American Meteorological Society},
	address = {Boston MA, USA},
	volume = {91},
	number = {8},
	doi = {10.1175/2010BAMS3001.1},
	pages= {1015 - 1058},
}

@ARTICLE{Sakoe1978,  
	author={H. Sakoe and S. Chiba},
	journal={IEEE Transactions on Acoustics, Speech, and Signal Processing},   
	title={Dynamic programming algorithm optimization for spoken word recognition},   
	year={1978},  
	volume={26},  
	number={1},  
	pages={43-49},  
	doi={10.1109/TASSP.1978.1163055}
}

@Article{Schlimmer1986,
	author={Schlimmer, Jeffrey C. and Granger, Richard H.},
	title={Incremental learning from noisy data},
	journal={Machine Learning},
	year={1986},
	month={Sep},
	day={01},
	volume={1},
	number={3},
	pages={317--354},
	issn={1573-0565},
	doi={10.1007/BF00116895},
}

@article{Schmidhuber2015,
author = {J\"urgen Schmidhuber},
title = {Deep learning in neural networks: An overview},
journal = {Neural Networks},
volume = {61},
pages = {85-117},
year = {2015},
issn = {0893-6080}
}

@ARTICLE{Sun2018,
	author={Y. {Sun} and K. {Tang} and Z. {Zhu} and X. {Yao}},
	journal={IEEE Transactions on Neural Networks and Learning Systems},
	title={Concept Drift Adaptation by Exploiting Historical Knowledge},
	year={2018},
	volume={29},
	number={10},
	pages={4822-4832},
	doi={10.1109/TNNLS.2017.2775225},
	ISSN={2162-237X},
	month={Oct},
}

@article{Tennant2017,
	title = {Scalable real-time classification of data streams with concept drift},
	author = {Mark Tennant and Frederic Stahl and Omer Rana and Jo{\~a}o B{\'a}rtolo Gomes},
	journal = {Future Generation Computer Systems},
	volume = {75},
	pages = {187 - 199},
	year = {2017},
	issn = {0167-739X},
	doi = {https://doi.org/10.1016/j.future.2017.03.026},
}

@article{Torres2021,
    author = {Torres, Jo\'e F. and Hadjout, Dalil and Sebaa, Abderrazak and Mart\'inez-\'Alvarez, Francisco and Troncoso, Alicia},
    title = {Deep Learning for Time Series Forecasting: A Survey},
    journal = {Big Data},
    volume = {9},
    number = {1},
    pages = {3-21},
    year = {2021}
}

@article{tslearn2020,
    author  = {Romain Tavenard and Johann Faouzi and Gilles Vandewiele and Felix Divo and Guillaume Androz and Chester Holtz and Marie Payne and Roman Yurchak and Marc Ru{\ss}wurm and Kushal Kolar and Eli Woods},
    title   = {Tslearn, A Machine Learning Toolkit for Time Series Data},
    journal = {Journal of Machine Learning Research},
    year    = {2020},
    volume  = {21},
    number  = {118},
    pages   = {1-6}
}

@article{Valiant1984,
	author = {Valiant, Leslie G.},
	title = {A Theory of the Learnable},
	journal = {Commun. ACM},
	issue_date = {Nov. 1984},
	volume = {27},
	number = {11},
	month = {nov},
	year = {1984},
	issn = {0001-0782},
	pages = {1134--1142},
	numpages = {9},
	doi = {10.1145/1968.1972},
	acmid = {1972},
	publisher = {ACM},
	address = {New York, NY, USA},
} 

%W
@article{Wang2016,
	author = {Li-Yu Wang and Cheolwoo Park and Hosik Choi and Kyupil Yeon},
	title = {A Classifier Ensemble for Concept Drift Using a Constrained Penalized Regression Combiner},
	journal = {Procedia Computer Science},
	volume = {91},
	pages = {252--259},
	year = {2016},
	note = {Promoting Business Analytics and Quantitative Management of Technology: 4th International Conference on Information Technology and Quantitative Management (ITQM 2016)},
	issn = {1877-0509},
	doi = {https://doi.org/10.1016/j.procs.2016.07.070},
}

@article{Wang2018,
	author = {Wang, Wei and Gao, Jinyang and Zhang, Meihui and Wang, Sheng and Chen, Gang and Ng, Teck Khim and Ooi, Beng Chin and Shao, Jie and Reyad, Moaz},
	title = {Rafiki: Machine Learning As an Analytics Service System},
	journal = {Proc. VLDB Endow.},
	issue_date = {October 2018},
	volume = {12},
	number = {2},
	month = oct,
	year = {2018},
	issn = {2150-8097},
	pages = {128--140},
	numpages = {13},
	doi = {10.14778/3282495.3282499},
	acmid = {3302537},
	publisher = {VLDB Endowment},
} 

@Article{Webb2016,
	author={Webb, Geoffrey I. and Hyde, Roy and Cao, Hong and Nguyen, Hai Long
	and Petitjean, Francois},
	title={Characterizing concept drift},
	journal={Data Mining and Knowledge Discovery},
	year={2016},
	volume={30},
	number={4},
	pages={964--994},
	issn={1573-756X},
	doi={10.1007/s10618-015-0448-4},
}

@article{Webb2017,
	author    = {Geoffrey I. Webb and Loong Kuan Lee and Fran{\c{c}}ois Petitjean and Bart Goethals},
	title     = {Understanding Concept Drift},
	journal   = {CoRR},
	volume    = {abs/1704.00362},
	year      = {2017},
}

@Article{Webb2018,
	author={Webb, Geoffrey I. and Lee, Loong Kuan and Goethals, Bart and Petitjean, Fran{\c{c}}ois},
	title={Analyzing concept drift and shift from sample data},
	journal={Data Mining and Knowledge Discovery},
	year={2018},
	month={Sep},
	day={01},
	volume={32},
	number={5},
	pages={1179--1199},
	issn={1573-756X},
	doi={10.1007/s10618-018-0554-1},
}


@article{Widmer1996,
	author={Widmer, Gerhard and Kubat, Miroslav},
	title={Learning in the Presence of Concept Drift and Hidden Contexts},
	journal={Machine Learning},
	year={1996},
	volume={23},
	number={1},
	pages={69--101},
	issn={1573-0565},
	doi={10.1023/A:1018046501280},
}

@article{Yu2019,
	author = {Shujian Yu and Zubin Abraham and Heng Wang and Mohak Shah and Yantao Wei and Jos{\'e} C. Pr{\'i}ncipe},
	title = {Concept drift detection and adaptation with hierarchical hypothesis testing},	
	journal = {Journal of the Franklin Institute},
	volume = {356},
	number = {5},
	pages = {3187 - 3215},
	year = {2019},
	issn = {0016-0032},
	doi = {https://doi.org/10.1016/j.jfranklin.2019.01.043},
}

@ARTICLE{Zhao2017,
    author={B. Zhao and H. Lu and S. Chen and J. Liu and D. Wu},
    journal={Journal of Systems Engineering and Electronics}, 
    title={Convolutional neural networks for time series classification}, 
    year={2017},
    volume={28},
    number={1},
    pages={162-169},
    doi={10.21629/JSEE.2017.01.18}
}

@article{Zliobaite2010,
	author    = {Indre Zliobaite},
	title     = {Learning under Concept Drift: an Overview},
	journal   = {CoRR},
	volume    = {abs/1010.4784},
	year      = {2010},
}

% ------------------------------------------------------------------------------------------------------------------------------ %
% Inclusão de bibliografia do tipo Trabalho/Artigo/Resumo/Resumo expandido publicados em anais de congressos/encontros/simpósios %
% ------------------------------------------------------------------------------------------------------------------------------ %

@inproceedings{Agarwal2014,
	author = {Agarwal, Deepak and Long, Bo and Traupman, Jonathan and Xin, Doris and Zhang, Liang},
	title = {{LASER}: A Scalable Response Prediction Platform for Online Advertising},
	year = {2014},
	isbn = {9781450323512},
	publisher = {Association for Computing Machinery},
	address = {New York, NY, USA},
	doi = {10.1145/2556195.2556252},
	booktitle = {Proceedings of the 7th ACM International Conference on Web Search and Data Mining},
	pages = {173–182},
	numpages = {10},
	keywords = {logistic regression, computational advertising, machine learning, response prediction, scalability},
	location = {New York, New York, USA},
	series = {WSDM ’14}
}

@inproceedings{Akdere2011,
	author    = {Mert Akdere and Ugur {\c{C}}etintemel and Matteo Riondato and 	Eli Upfal and Stanley B. Zdonik},
	title     = {The Case for Predictive Database Systems: Opportunities and Challenges},
	booktitle = {{CIDR} 2011, Fifth Biennial Conference on Innovative Data Systems Research, Asilomar, CA, USA, January 9-12, 2011, Online Proceedings},
	pages     = {167--174},
	year      = {2011},
}

@inproceedings{Albawi2017,
    author={Albawi, Saad and Mohammed, Tareq Abed and Al-Zawi, Saad},
    booktitle={2017 International Conference on Engineering and Technology (ICET)}, 
    title={Understanding of a convolutional neural network},
    year={2017},
    volume={},
    number={},
    pages={1-6},
    doi={10.1109/ICEngTechnol.2017.8308186}
}

@inproceedings{Baldi2013,
    author = {Baldi, Pierre and Sadowski, Peter J},
    booktitle = {Advances in Neural Information Processing Systems},
    editor = {C. J. C. Burges and L. Bottou and M. Welling and Z. Ghahramani and K. Q. Weinberger},
    pages = {},
    publisher = {Curran Associates, Inc.},
    title = {Understanding Dropout},
    volume = {26},
    year = {2013}
}

@InProceedings{Ban2013,
    author = {Ban, Tao and Zhang, Ruibin and Pang, Shaoning and Sarrafzadeh, Abdolhossein and Inoue, Daisuke},
    editor = {Lee, Minho and Hirose, Akira and Hou, Zeng-Guang and Kil, Rhee Man},
    title = {Referential kNN Regression for Financial Time Series Forecasting},
    booktitle = {Neural Information Processing},
    year = {2013},
    publisher = {Springer Berlin Heidelberg},
    address = {Berlin, Heidelberg},
    pages = {601--608},
    isbn = {978-3-642-42054-2}
}

@inproceedings{Berndt1994,
	author = {Berndt, Donald J. and Clifford, James},
	title = {Using Dynamic Time Warping to Find Patterns in Time Series},
	year = {1994},
	publisher = {AAAI Press},
	booktitle = {Proceedings of the 3rd International Conference on Knowledge Discovery and Data Mining},
	pages = {359–370},
	numpages = {12},
	keywords = {pattern analysis, dynamic programming, knowledge discovery, time series, dynamic time warping},
	location = {Seattle, WA},
	series = {AAAIWS’94}
}

@INPROCEEDINGS{Bifet2007,
	author = {Albert Bifet and Ricard Gavaldà},
	title = {Learning from time-changing data with adaptive windowing},
	booktitle = {In SIAM International Conference on Data Mining},
	year = {2007}
}

@InProceedings{Black2004,
	author={Black, Michaela and Hickey, Ray},
	editor={L{\'o}pez, Jes{\'u}s A. and Benfenati, Emilio and Dubitzky, Werner},
	title={Detecting and Adapting to Concept Drift in Bioinformatics},
	booktitle={Knowledge Exploration in Life Science Informatics},
	year={2004},
	publisher={Springer Berlin Heidelberg},
	address={Berlin, Heidelberg},
	pages={161--168},
	isbn={978-3-540-30478-4},
}

@inproceedings{Crankshaw2015,
	author    = {Daniel Crankshaw and Peter Bailis and Joseph E. Gonzalez and
	Haoyuan Li and Zhao Zhang and Michael J. Franklin and Ali Ghodsi and
	Michael I. Jordan},
	title     = {The Missing Piece in Complex Analytics: Low Latency, Scalable Model Management and Serving with Velox},
	booktitle = {{CIDR} 2015, Seventh Biennial Conference on Innovative Data Systems Research, Asilomar, CA, USA, January 4-7, 2015, Online Proceedings},
	year      = {2015},
}

@inproceedings {Crankshaw2017,
	author = {Daniel Crankshaw and Xin Wang and Guilio Zhou and Michael J. 
	Franklin and Joseph E. Gonzalez and Ion Stoica},
	title = {Clipper: A Low-Latency Online Prediction Serving System},
	booktitle = {14th {USENIX} Symposium on Networked Systems Design and 
	Implementation ({NSDI} 17)},
	year = {2017},
	isbn = {978-1-931971-37-9},
	address = {Boston, MA},
	pages = {613--627},
	publisher = {{USENIX} Association},
}

@inproceedings{Cohen-Shapira2019,
	author = {Cohen-Shapira, Noy and Rokach, Lior and Shapira, Bracha and Katz, Gilad and Vainshtein, Roman},
	title = {Auto{GRD}: Model Recommendation Through Graphical Dataset Representation},
	year = {2019},
	isbn = {9781450369763},
	publisher = {Association for Computing Machinery},
	address = {New York, NY, USA},
	doi = {10.1145/3357384.3357896},
	booktitle = {Proceedings of the 28th ACM International Conference on Information and Knowledge Management},
	pages = {821–830},
	numpages = {10},
	keywords = {regression, dataset representation, graph embedding, automl, algorithm selection, meta-learning, classification},
	location = {Beijing, China},
	series = {CIKM ’19}
}

@incollection{Cortes1994,
	title = {Learning Curves: Asymptotic Values and Rate of Convergence},
	author = {Cortes, Corinna and Jackel, L. D. and Sara A. Solla and Vladimir Vapnik and John S. Denker},
	booktitle = {Advances in Neural Information Processing Systems 6},
	editor = {J. D. Cowan and G. Tesauro and J. Alspector},
	pages = {327--334},
	year = {1994},
	publisher = {Morgan-Kaufmann},
}

@inproceedings{daSilva2006,
	author = {da Silva, Bruno C. and Basso, Eduardo W. and Bazzan, Ana L. C. and Engel, Paulo M.},
	title = {Dealing with Non-stationary Environments Using Context Detection},
	booktitle = {Proceedings of the 23rd International Conference on Machine Learning},
	series = {ICML '06},
	year = {2006},
	isbn = {1-59593-383-2},
	location = {Pittsburgh, Pennsylvania, USA},
	pages = {217--224},
	numpages = {8},
	doi = {10.1145/1143844.1143872},
	acmid = {1143872},
	publisher = {ACM},
	address = {New York, NY, USA},
}

@inproceedings{daSilva2019,
	author = {Daniel N. R. da Silva and Adolfo Sim{\~o}es and Carlos Cardoso and Douglas E. M. de Oliveira and Jo{\~a}o N. Rittmeyer and Klaus Wehmuth and Hermano Lustosa and Rafael S. Pereira and Yania Souto and Luciana E. G. Vignoli and Rebecca Salles and Heleno de S. C. Jr and Artur Ziviani and Eduardo Ogasawara and Flavia C. Delicato and Paulo de F. Pires and Hardy Leonardo da C. P. Pinto and Luciano Maia and Fabio Porto},
	title = {A conceptual vision toward the management of Machine Learning models},
	booktitle = {Proceedings of the ER Forum 2019 and the ER 2019 Demo Track co-located with the 38th International Conference on Conceptual Modelling},
	year = {2019},
	address = {Salvador, BA, Brazil},
	note = {To be published.}
} 

@inproceedings{Deshpande2006,
	author = {Deshpande, Amol and Madden, Samuel},
	title = {Mauve{DB}: Supporting Model-Based User Views in Database Systems},
	year = {2006},
	isbn = {1595934340},
	publisher = {Association for Computing Machinery},
	address = {New York, NY, USA},
	doi = {10.1145/1142473.1142483},
	booktitle = {Proceedings of the 2006 ACM SIGMOD International Conference on Management of Data},
	pages = {73–84},
	numpages = {12},
	keywords = {regression, statistical models, sensor networks, uncertain data, query processing, views},
	location = {Chicago, IL, USA},
	series = {SIGMOD ’06}
}

@INPROCEEDINGS{Ditzler2011,
	author={Gregory {Ditzler} and Robi {Polikar}},
	booktitle={2011 IEEE Symposium on Computational Intelligence in Dynamic and Uncertain Environments (CIDUE)},
	title={Hellinger distance based drift detection for nonstationary environments},
	year={2011},
	volume={},
	number={},
	pages={41-48},
	doi={10.1109/CIDUE.2011.5948491},
	ISSN={},
	month={April}
}

@inproceedings{Du2018,
 author = {Du, Simon S and Wang, Yining and Zhai, Xiyu and Balakrishnan, Sivaraman and Salakhutdinov, Russ R and Singh, Aarti},
 booktitle = {Advances in Neural Information Processing Systems},
 editor = {S. Bengio and H. Wallach and H. Larochelle and K. Grauman and N. Cesa-Bianchi and R. Garnett},
 pages = {},
 publisher = {Curran Associates, Inc.},
 title = {How Many Samples are Needed to Estimate a Convolutional Neural Network?},
 url = {https://proceedings.neurips.cc/paper/2018/file/03c6b06952c750899bb03d998e631860-Paper.pdf},
 volume = {31},
 year = {2018}
}

@InProceedings{Gama2004,
	author={Gama, Jo{\~a}o and Medas, Pedro and Castillo, Gladys and Rodrigues, Pedro},
	editor={Bazzan, Ana L. C. and Labidi, Sofiane},
	title={Learning with Drift Detection},
	booktitle={Advances in Artificial Intelligence -- SBIA 2004},
	year={2004},
	publisher={Springer Berlin Heidelberg},
	address={Berlin, Heidelberg},
	pages={286--295},
	isbn={978-3-540-28645-5},
}

@inproceedings{Gama2005,
	author = {Gama, Jo\~{a}o and Medas, Pedro and Rodrigues, Pedro},
	title = {Learning Decision Trees from Dynamic Data Streams},
	booktitle = {Proceedings of the 2005 ACM Symposium on Applied Computing},
	series = {SAC '05},
	year = {2005},
	isbn = {1-58113-964-0},
	location = {Santa Fe, New Mexico},
	pages = {573--577},
	numpages = {5},
	doi = {10.1145/1066677.1066809},
	acmid = {1066809},
	publisher = {ACM},
	address = {New York, NY, USA},
} 

@inproceedings{Ghanta052019,
	author    = {Sindhu Ghanta and Sriram Subramanian and Lior Khermosh and
	Harshil Shah and Yakov Goldberg and Swaminathan Sundararaman and Drew S. Roselli and Nisha Talagala},
	title     = {{MPP:} Model Performance Predictor},
	booktitle = {2019 {USENIX} Conference on Operational Machine Learning, OpML 
	2019,
	Santa Clara, CA, USA, May 20, 2019.},
	pages     = {23--25},
	year      = {2019},
}

 @InProceedings{Glorot2011, 
    title = {Deep Sparse Rectifier Neural Networks},
    author = {Glorot, Xavier and Bordes, Antoine and Bengio, Yoshua},
    booktitle = {Proceedings of the Fourteenth International Conference on Artificial Intelligence and Statistics},
    pages = {315--323},
    year = {2011},
    editor = {Gordon, Geoffrey and Dunson, David and Dudík, Miroslav},
    volume = {15},
    series = {Proceedings of Machine Learning Research},
    address = {Fort Lauderdale, FL, USA},
    month = {11--13 Apr},
    publisher = {PMLR}
} 
 
@inproceedings{Harel2014,
	author = {Harel, Maayan and Crammer, Koby and El-Yaniv, Ran and Mannor, Shie},
	title = {Concept Drift Detection Through Resampling},
	booktitle = {Proceedings of the 31st International Conference on International Conference on Machine Learning - Volume 32},
	series = {ICML'14},
	year = {2014},
	location = {Beijing, China},
	pages = {II-1009--II-1017},
	acmid = {3045005},
	publisher = {JMLR.org},
} 

@inproceedings{Hendawi2012,
	author = {Hendawi, Abdeltawab M. and Mokbel, Mohamed F.},
	title = {Predictive Spatio-Temporal Queries: A Comprehensive Survey and Future Directions},
	year = {2012},
	isbn = {9781450316996},
	publisher = {Association for Computing Machinery},
	address = {New York, NY, USA},
	doi = {10.1145/2442810.2442828},
	booktitle = {Proceedings of the First ACM SIGSPATIAL International Workshop on Mobile Geographic Information Systems},
	pages = {97–104},
	numpages = {8},
	keywords = {privacy, monitoring and tracking, moving objects, authentication, location prediction, location-based services, query optimization, trajectories, predictive spatio-temporal queries},
	location = {Redondo Beach, California},
	series = {MobiGIS ’12}
}

@inproceedings{Hinton2015,
	title	= {Distilling the Knowledge in a Neural Network},
	author	= {Geoffrey Hinton and Oriol Vinyals and Jeffrey Dean},
	year	= {2015},
	booktitle	= {NIPS Deep Learning and Representation Learning Workshop}
}


@InProceedings{Hoang2019,
	title = 	 {Collective Model Fusion for Multiple Black-Box Experts},
	author = 	 {Hoang, Minh and Hoang, Nghia and Low, Bryan Kian Hsiang and Kingsford, Carleton},
	booktitle = 	 {Proceedings of the 36th International Conference on Machine Learning},
	pages = 	 {2742--2750},
	year = 	 {2019},
	editor = 	 {Chaudhuri, Kamalika and Salakhutdinov, Ruslan},
	volume = 	 {97},
	series = 	 {Proceedings of Machine Learning Research},
	address = 	 {Long Beach, California, USA},
	month = 	 {09--15 Jun},
	publisher = 	 {PMLR},
}

@inproceedings{Jordaney2017,
	author    = {Roberto Jordaney and Kumar Sharad and Santanu Kumar Dash and
	Zhi Wang and Davide Papini and Ilia Nouretdinov and Lorenzo Cavallaro},
	title     = {Transcend: Detecting Concept Drift in Malware Classification Models},
	booktitle = {26th {USENIX} Security Symposium, {USENIX} Security 2017, Vancouver, BC, Canada, August 16-18, 2017.},
	pages     = {625--642},
	year      = {2017},
}

@inproceedings{Kamarianakis2005,
	title = {Spatial time-series modeling: A review of the proposed methodologies},
	keywords = {Bayesian Vector Autoregressions, Space-time models, Spatial time-series, STARIMA},
	author = {Yiannis Kamarianakis and Poulicos Prastacos},
	year = {2005},
	language = {English (US)},
	booktitle = {Proceedings 2005 - The 8th AGILE International Conference on Geographic Information Science, AGILE 2005},
	note = {8th AGILE International Conference on Geographic Information Science, AGILE 2005 ; Conference date: 26-05-2005 Through 28-05-2005},
}

@inproceedings{Kim2014,
    title = {Convolutional Neural Networks for Sentence Classification},
    author = {Kim, Yoon},
    booktitle = {Proceedings of the 2014 Conference on Empirical Methods in Natural Language Processing ({EMNLP})},
    month = oct,
    year = {2014},
    address = {Doha, Qatar},
    publisher = {Association for Computational Linguistics},
    doi = {10.3115/v1/D14-1181},
    pages = {1746--1751},
}

@inproceedings{Kingma2015,
	author={Diederik P. Kingma and Jimmy Ba},
	title={Adam: A Method for Stochastic Optimization},
	year={2015},
	cdate={1420070400000},
	url={http://arxiv.org/abs/1412.6980},
	booktitle={ICLR (Poster)},
}

@inproceedings{Klinkenberg2000,
	author = {Klinkenberg, Ralf and Joachims, Thorsten},
	title = {Detecting Concept Drift with Support Vector Machines},
	booktitle = {Proceedings of the Seventeenth International Conference on 
	Machine Learning},
	series = {ICML '00},
	year = {2000},
	isbn = {1-55860-707-2},
	pages = {487--494},
	numpages = {8},
	acmid = {657791},
	publisher = {Morgan Kaufmann Publishers Inc.},
	address = {San Francisco, CA, USA},
} 

@InProceedings{Kuncheva2004,
	author={Kuncheva, Ludmila I.},
	editor={Roli, Fabio and Kittler, Josef and Windeatt, Terry},
	title={Classifier Ensembles for Changing Environments},
	booktitle={Multiple Classifier Systems},
	year={2004},
	publisher={Springer Berlin Heidelberg},
	address={Berlin, Heidelberg},
	pages={1--15},
	isbn={978-3-540-25966-4},
}

@inproceedings{Lee2017,
	title={Towards High-Performance Prediction Serving Systems},
	author={Yunseong Lee, and Alberto Scolari, and Matteo Interlandi, and Markus Weimer, and Byung-Gon Chun},
	booktitle={NIPS Machine Learning Systems Workshop},
	year={2017}
}

@inproceedings{Lee2018,
	author = {Lee, Yunseong and Scolari, Alberto and Chun, Byung-Gon and Santambrogio, Marco Domenico and Weimer, Markus and Interlandi, Matteo},
	title = {Pretzel: Opening the Black Box of Machine Learning Prediction Serving Systems},
	booktitle = {Proceedings of the 12th USENIX Conference on Operating Systems Design and Implementation},
	series = {OSDI'18},
	year = {2018},
	isbn = {978-1-931971-47-8},
	location = {Carlsbad, CA, USA},
	pages = {611--626},
	numpages = {16},
	acmid = {3291213},
	publisher = {USENIX Association},
	address = {Berkeley, CA, USA},
} 

@inproceedings{Mahdi2018,
	author = {Mahdi, Osama A. and Pardede, Eric and Cao, Jinli},
	title = {Combination of Information Entropy and Ensemble Classification for Detecting Concept Drift in Data Stream},
	booktitle = {Proceedings of the Australasian Computer Science Week Multiconference},
	series = {ACSW '18},
	year = {2018},
	isbn = {978-1-4503-5436-3},
	location = {Brisband, Queensland, Australia},
	pages = {13:1--13:5},
	articleno = {13},
	numpages = {5},
	doi = {10.1145/3167918.3167946},
	acmid = {3167946},
	publisher = {ACM},
	address = {New York, NY, USA},
} 

@InProceedings{McKinney2010,
    author    = { {W}es {M}c{K}inney },
    title     = { {D}ata {S}tructures for {S}tatistical {C}omputing in {P}ython },
    booktitle = { {P}roceedings of the 9th {P}ython in {S}cience {C}onference },
    pages     = { 56 - 61 },
    year      = { 2010 },
    editor    = { {S}t\'efan van der {W}alt and {J}arrod {M}illman },
    doi       = { 10.25080/Majora-92bf1922-00a }
}

@InProceedings{Meesrikamolkul2012,
    author = {Meesrikamolkul, Warissara and Niennattrakul, Vit and Ratanamahatana, Chotirat Ann}, 
    editor = {Tan, Pang-Ning and Chawla, Sanjay and Ho, Chin Kuan and Bailey, James},
    title = {Shape-Based Clustering for Time Series Data},
    booktitle = {Advances in Knowledge Discovery and Data Mining},
    year = {2012},
    publisher = {Springer Berlin Heidelberg},
    address = {Berlin, Heidelberg},
    pages = {530--541},
    isbn = {978-3-642-30217-6}
}

@InProceedings{Morchen2005,
	author={M{\"o}rchen, Fabian and Ultsch, Alfred},
	editor={Weihs, Claus and Gaul, Wolfgang},
	title={Discovering Temporal Knowledge in Multivariate Time Series},
	booktitle={Classification --- the Ubiquitous Challenge},
	year={2005},
	publisher={Springer Berlin Heidelberg},
	address={Berlin, Heidelberg},
	pages={272--279},
	isbn={978-3-540-28084-2}
}

@InProceedings{Nishida2005,
	author={Nishida, Kyosuke and Yamauchi, Koichiro and Omori, Takashi},
	editor={Oza, Nikunj C. and Polikar, Robi and Kittler, Josef and Roli, Fabio},
	title={ACE: Adaptive Classifiers-Ensemble System for Concept-Drifting Environments},
	booktitle={Multiple Classifier Systems},
	year={2005},
	publisher={Springer Berlin Heidelberg},
	address={Berlin, Heidelberg},
	pages={176--185},
	isbn={978-3-540-31578-0},
}

@InProceedings{Nishida2007,
	author={Nishida, Kyosuke and Yamauchi, Koichiro},
	editor={Corruble, Vincent and Takeda, Masayuki and Suzuki, Einoshin},
	title={Detecting Concept Drift Using Statistical Testing},
	booktitle={Discovery Science},
	year={2007},
	publisher={Springer Berlin Heidelberg},
	address={Berlin, Heidelberg},
	pages={264--269},
	isbn={978-3-540-75488-6},
}

@InProceedings{Oregi2017,
    author = {Oregi, Izaskun and P\'erez, Aritz and Del Ser, Javier and Lozano, Jos\'e A.}, 
    editor = {Ceci, Michelangelo and Hollm\'en, Jaakko and Todorovski, Ljup\v{c}o and Vens, Celine and D\v{z}eroski, Sa\v{s}o"}, 
    title = {On-Line Dynamic Time Warping for Streaming Time Series},
    booktitle = {Machine Learning and Knowledge Discovery in Databases},
    year = {2017},
    publisher = {Springer International Publishing},
    address = {Cham},
    pages = {591--605},
    isbn = {978-3-319-71246-8}
}

@inproceedings{Sainath2015,  
	author={T. N. Sainath and O. Vinyals and A. Senior and H. Sak},  
	booktitle={2015 IEEE International Conference on Acoustics, Speech and Signal Processing (ICASSP)},   
	title={Convolutional, Long Short-Term Memory, fully connected Deep Neural Networks},
	year={2015},
	volume={},
	number={},
	pages={4580-4584},
	doi={10.1109/ICASSP.2015.7178838}
}

@inproceedings{Sasu2012,
  title={k-Nearest Neighbor Algorithm for Univariate Time Series Prediction},
  author={A. Sasu},
  year={2012}
}

@inproceedings{Sculley2015,
	author = {Sculley, David and Holt, Gary and Golovin, Daniel and Davydov, Eugene and Phillips, Todd and Ebner, Dietmar and Chaudhary, Vinay and Young, Michael and Crespo, Jean-Francois and Dennison, Dan},
	title = {Hidden Technical Debt in Machine Learning Systems},
	booktitle = {Proceedings of the 28th International Conference on Neural Information Processing Systems - Volume 2},
	series = {NIPS'15},
	year = {2015},
	location = {Montreal, Canada},
	pages = {2503--2511},
	numpages = {9},
	acmid = {2969519},
	publisher = {MIT Press},
	address = {Cambridge, MA, USA},
}

@inproceedings{Sethi2014,
	author={Tegjyot Singh {Sethi} and Mehmed {Kantardzic} and Elaheh {Arabmakki} and Hanquing {Hu}},
	booktitle={Proceedings of the 2014 IEEE 15th International Conference on Information Reuse and Integration (IEEE IRI 2014)},
	title={An ensemble classification approach for handling spatio-temporal drifts in partially labeled data streams},
	year={2014},
	volume={},
	number={},
	pages={725-732},
	doi={10.1109/IRI.2014.7051961},
	ISSN={},
	month={Aug},
}

@inproceedings{Souto2018,
	author    = {Yania Molina Souto and F{\'{a}}bio Porto and Ana Maria de Carvalho Moura and Eduardo Bezerra},
	title     = {A Spatiotemporal Ensemble Approach to Rainfall Forecasting},
	booktitle = {2018 International Joint Conference on Neural Networks, {IJCNN} 2018, Rio de Janeiro, Brazil, July 8-13, 2018},
	pages     = {1--8},
	year      = {2018}
}

@inproceedings{Szegedy2013,
    author = {Szegedy, Christian and Toshev, Alexander and Erhan, Dumitru},
    booktitle = {Advances in Neural Information Processing Systems},
    editor = {C. J. C. Burges and L. Bottou and M. Welling and Z. Ghahramani and K. Q. Weinberger},
    pages = {},
    publisher = {Curran Associates, Inc.},
    title = {Deep Neural Networks for Object Detection},
    volume = {26},
    year = {2013}
}

@inproceedings{tensorflow2016,
    title	= {TensorFlow: A system for large-scale machine learning},
    author	= {Martin Abadi and Paul Barham and Jianmin Chen and Zhifeng Chen and Andy Davis and Jeffrey Dean and Matthieu Devin and Sanjay Ghemawat and Geoffrey Irving and Michael Isard and Manjunath Kudlur and Josh Levenberg and Rajat Monga and Sherry Moore and Derek G. Murray and Benoit Steiner and Paul Tucker and Vijay Vasudevan and Pete Warden and Martin Wicke and Yuan Yu and Xiaoqiang Zheng},
    year	= {2016},
    booktitle	= {12th USENIX Symposium on Operating Systems Design and Implementation (OSDI 16)},
    pages	= {265--283}
}

@inproceedings{Wang2003,
	author = {Wang, Haixun and Fan, Wei and Yu, Philip S. and Han, Jiawei},
	title = {Mining Concept-drifting Data Streams Using Ensemble Classifiers},
	booktitle = {Proceedings of the Ninth ACM SIGKDD International Conference on Knowledge Discovery and Data Mining},
	series = {KDD '03},
	year = {2003},
	isbn = {1-58113-737-0},
	location = {Washington, D.C.},
	pages = {226--235},
	numpages = {10},
	doi = {10.1145/956750.956778},
	acmid = {956778},
	publisher = {ACM},
	address = {New York, NY, USA},
} 

@InProceedings{Wang2010,
	author={Wang, Shenghui and Schlobach, Stefan and Klein, Michel},
	editor={Cimiano, Philipp and Pinto, H. Sofia},
	title={What Is Concept Drift and How to Measure It?},
	booktitle={Knowledge Engineering and Management by the Masses},
	year={2010},
	publisher={Springer Berlin Heidelberg},
	address={Berlin, Heidelberg},
	pages={241--256},
	isbn={978-3-642-16438-5},
}

@inproceedings{Wang2017,  
    author={Z. Wang and W. Yan and T. Oates},  
    booktitle={2017 International Joint Conference on Neural Networks (IJCNN)},   
    title={Time series classification from scratch with deep neural networks: A strong baseline},   
    year={2017},  
    volume={},  
    number={},  
    pages={1578-1585},  
    doi={10.1109/IJCNN.2017.7966039}
}

@InProceedings{Zebik2017,
    author={Zebik, Mariusz and Korytkowski, Marcin and Angryk, Rafal and Scherer, Rafa{\l}}, 
    editor={Rutkowski, Leszek and Korytkowski, Marcin and Scherer, Rafa{\l} and Tadeusiewicz, Ryszard and Zadeh, Lotfi A. and Zurada, Jacek M.},
    title= {Convolutional Neural Networks for Time Series Classification},
    booktitle= {Artificial Intelligence and Soft Computing},
    year= {2017},
    publisher={Springer International Publishing},
    address={Cham},
    pages={635--642},
    isbn={978-3-319-59060-8}
}

@inproceedings{Zhang2008,
	author = {Zhang, Peng and Zhu, Xingquan and Shi, Yong},
	title = {Categorizing and Mining Concept Drifting Data Streams},
	booktitle = {Proceedings of the 14th ACM SIGKDD International Conference on Knowledge Discovery and Data Mining},
	series = {KDD '08},
	year = {2008},
	isbn = {978-1-60558-193-4},
	location = {Las Vegas, Nevada, USA},
	pages = {812--820},
	numpages = {9},
	doi = {10.1145/1401890.1401987},
	acmid = {1401987},
	publisher = {ACM},
	address = {New York, NY, USA},
} 

@inbook{Zliobaite2016,
	title = {An Overview of Concept Drift Applications},
	author = {Indre Zliobaite and Mykola Pechenizkiy and Jo{\~a}o Gama},
	year = {2016},
	doi = {10.1007/978-3-319-26989-4},
	language = {English},
	isbn = {978-3-319-26987-0},
	series = {Studies in Big Data},
	publisher = {Springer International Publishing AG},
	pages = {91--114},
	editor = {Nathalie Japkowicz and Jerzy Stefanowski},
	booktitle = {Big Data Analysis},
	address = {Switzerland},
}

@incollection{Kang2020,
	author = {Kang, Daniel and Raghavan, Deepti and Bailis, Peter and Zaharia, Matei},
	booktitle = {Proceedings of Machine Learning and Systems 2020},
	pages = {481--496},
	title = {Model Assertions for Monitoring and Improving ML Models},
	year = {2020}
}

% --------------------------------------- %
% Inclusão de bibliografia do tipo Manual %
% --------------------------------------- %

@MISC{Baena2006,
	author = {Manuel Baena-Garc{\'i}a and Jos{\'e} Del Campo- {\'A}vila and Ra{\'u}l Fidalgo and Albert Bifet and Ricard Gavald{\`a} and Rafael Morales-bueno},
	title = {Early Drift Detection Method},
	year = {2006}
}

@misc{Chollet2015,
	author = {François Chollet },
	title = {keras},
	year = {2015},
	publisher = {GitHub},
	journal = {GitHub repository},
	howpublished = {\url{https://github.com/fchollet/keras}},
	commit = {5bcac37}
}

@MISC{Iglesias2013,
	author = {F{\'e}lix Iglesias and Wolfgang Kastner},
	title = {Analysis of Similarity Measures in Times Series Clustering for the Discovery of Building Energy Patterns},
	year = {2013}
}

@misc{Michelangelo,
	title = {Meet Michelangelo: Uber’s Machine Learning Platform},
	author = {Jeremy Hermann and Mike Del Balso},
	howpublished = {\url{https://eng.uber.com/michelangelo/}},
	note = {Accessed: 2019-06-06}
}

@misc{GoogleMLProduction, 
	title = {Minimizing real-time prediction serving latency in machine learning},
	howpublished = {\url{https://cloud.google.com/solutions/machine-learning/minimizing-predictive-serving-latency-in-machine-learnings}},
	note = {Accessed: 2019-07-01},
}

@techreport{Tsymbal2004,
	author = {Alexey Tsymbal},
	title = {The Problem of Concept Drift: Definitions and Related Work},
	institution = {},
	year = {2004}
}

@misc{Singh2019,
	title={Model Fusion via Optimal Transport},
	author={Sidak Pal Singh and Martin Jaggi},
	year={2019},
	eprint={1910.05653},
	archivePrefix={arXiv},
	primaryClass={cs.LG}
}

@phdthesis{Gifford2009,
	author = {Gifford, Christopher M.},
	advisor = {Agah, Arvin},
	title = {Collective Machine Learning: Team Learning and Classification in Multi-Agent Systems},
	year = {2009},
	school = {University of Kansas},
	isbn = {9781109514070},
	publisher = {University of Kansas},
	address = {USA}
}

@misc{Tian2019,
	title={Contrastive Representation Distillation},
	author={Yonglong Tian and Dilip Krishnan and Phillip Isola},
	year={2019},
	eprint={1910.10699},
	archivePrefix={arXiv},
	primaryClass={cs.LG}
}

@techreport{Senin2008,
    title = {Dynamic Time Warping Algorithm Review},
    author = {Pavel Senin},
    year = {2008},
    institution = {Information and Computer Science Department, University of Hawaii},
    address = {USA}
}